@article{historyOfDatabases,
  title={History of databases},
  author={Berg, Kristi L and Seymour, Tom and Goel, Richa},
  journal={International Journal of Management \& Information Systems (IJMIS)},
  volume={17},
  number={1},
  pages={29--36},
  year={2013}
}

  @inproceedings{sequel_aStructuredEnglishQueryLanguage,
 author = {Chamberlin, Donald D. and Boyce, Raymond F.},
 title = {SEQUEL: A Structured English Query Language},
 year = {1974},
 isbn = {9781450374156},
 publisher = {Association for Computing Machinery},
 address = {New York, NY, USA},
 url = {https://doi.org/10.1145/800296.811515},
 doi = {10.1145/800296.811515},
 booktitle = {Proceedings of the 1974 ACM SIGFIDET (Now SIGMOD) Workshop on Data Description, Access and Control},
 pages = {249–264},
 numpages = {16},
 keywords = {Data Manipulation Languages, Information Retrieval, Data Base Management Systems, Query Languages},
 location = {Ann Arbor, Michigan},
 series = {SIGFIDET ’74}
}

@book{databaseManagementSystems,
  title={Database management systems},
  author={Gehrke, Johannes and Ramakrishnan, Raghu},
  year={2003},
  publisher={McGraw-Hill}
}

@article{visualQuerySystemsForDatabases_aSurvey,
  title={Visual query systems for databases: A survey},
  author={Catarci, Tiziana and Costabile, Maria F and Levialdi, Stefano and Batini, Carlo},
  journal={Journal of Visual Languages \& Computing},
  volume={8},
  number={2},
  pages={215--260},
  year={1997},
  publisher={Elsevier}
}

@inproceedings{diagrammaticVsTextualQueryLanguages_aComparativeExperiment,
  title={Diagrammatic vs textual query languages: a comparative experiment},
  author={Catarci, Tiziana and Santucci, Giuseppe},
  booktitle={Working Conference on Visual Database Systems},
  pages={69--83},
  year={1995},
  organization={Springer}
}